@TechReport{Juhnetal2015,
  author={Chinhui Juhn and Yona Rubinstein and C. Andrew Zuppann},
  title={{The Quantity-Quality Trade-off and the Formation of Cogntive and Non-Cognitive Skills}},
  year=2015,
  month=Dec,
  institution={National Bureau of Economic Research, Inc},
  type={NBER Working Papers},
  number={21824}
}
